@misc{GameBoyColors,
	author = {},
	title = {{C}oloring {G}ameboy – {L}ayers --- tirodvd.wordpress.com},
	howpublished = {\url{https://tirodvd.wordpress.com/2015/01/27/coloring-gameboy-layers/}},
	year = {},
	note = {[Accessed 23-Sep-2022]},
}

@book{stm1721,
  title     = "Developing applications on STM32Cube™ with FatFs",
  author    = "STMicroletronics",
  year      = 2019,
  howpublished = {\url{st.com/resource/en/user_manual/um1721-developing-applications-on-stm32cube-with-fatfs-stmicroelectronics.pdf}},
}

@book{ili9341,
  title     = "TFT LCD Single Chip Driver 240RGBx320 Resolution and 262K color - Specification",
  author    = "Ilitek",
  year      = 2011,
  howpublished = {\url{https://cdn-shop.adafruit.com/datasheets/ILI9341.pdf}},
}
